<?xml version="1.0" encoding="UTF-8"?><collection xmlns="http://www.loc.gov/MARC21/slim"><record><leader>00389nam--2200121-i-4500</leader><controlfield tag="001">000018944</controlfield><controlfield tag="002">20161230</controlfield><controlfield tag="005">20161230201033</controlfield><controlfield tag="008">060222s1000------------r-----000-0-eng-d</controlfield><datafield ind1=" " ind2=" " tag="080"><subfield code="a">621.039.54</subfield></datafield><datafield ind1=" " ind2=" " tag="245"><subfield code="a">Fabbricazione di elementi di combustibile di tipo ceramoco per reattori di potenza.viii congresso nucleare. 19-20 gigno, roma, 1963</subfield></datafield><datafield ind1=" " ind2=" " tag="260"><subfield code="a">Roma, C.N.E.N., 1967.475 P</subfield></datafield><datafield ind1=" " ind2=" " tag="852"><subfield code="a">25956</subfield></datafield></record></collection>